<?xml version="1.0" encoding="UTF-8"?><collection xmlns="http://www.loc.gov/MARC21/slim"><record><leader>00466nam--2200181-i-4500</leader><controlfield tag="001">000046529</controlfield><controlfield tag="002">20161230</controlfield><controlfield tag="005">20161230201046</controlfield><controlfield tag="008">060222s1000------------r-----000-0-fre-d</controlfield><datafield ind1=" " ind2=" " tag="040"><subfield code="a">IFIN-HH</subfield></datafield><datafield ind1=" " ind2=" " tag="041"><subfield code="a">fre</subfield></datafield><datafield ind1=" " ind2=" " tag="080"><subfield code="a">622.349.5(71)</subfield></datafield><datafield ind1="1" ind2=" " tag="110"><subfield code="a">Eldorado Mining And Rifining Limited</subfield></datafield><datafield ind1="1" ind2="0" tag="245"><subfield code="a">L`uranium au canada</subfield></datafield><datafield ind1=" " ind2=" " tag="260"><subfield code="a">Ottawa</subfield><subfield code="b">Eldorado Mining And Rifining Limited</subfield><subfield code="c">/F.A.</subfield></datafield><datafield ind1=" " ind2=" " tag="300"><subfield code="a">134P</subfield></datafield><datafield ind1=" " ind2=" " tag="852"><subfield code="a">44408</subfield><subfield code="c">H.H</subfield></datafield><datafield ind1=" " ind2=" " tag="CAT"><subfield code="a">Sys</subfield><subfield code="c">20130402</subfield><subfield code="h">164938</subfield></datafield></record></collection>